<?xml version="1.0" encoding="UTF-8"?><collection xmlns="http://www.loc.gov/MARC21/slim"><record><leader>00563nam--2200181-i-4500</leader><controlfield tag="001">000008451</controlfield><controlfield tag="002">20161230</controlfield><controlfield tag="005">20161230201027</controlfield><controlfield tag="008">060222s1000------------r-----000-0-eng-d</controlfield><datafield ind1=" " ind2=" " tag="040"><subfield code="a">IFIN-HH</subfield></datafield><datafield ind1=" " ind2=" " tag="080"><subfield code="a">519.4/5</subfield></datafield><datafield ind1="1" ind2=" " tag="100"><subfield code="a">Jansen, Laurens</subfield></datafield><datafield ind1="1" ind2="0" tag="245"><subfield code="a">Theory of finite groups. applications in physics. symmetry groups of quantum mechanical systems</subfield><subfield code="c">Laurens jansen, michael boon</subfield></datafield><datafield ind1=" " ind2=" " tag="260"><subfield code="a">Amsterdam</subfield><subfield code="b">North-holland Publishing Company</subfield><subfield code="c">1967</subfield></datafield><datafield ind1=" " ind2=" " tag="300"><subfield code="a">XI + 367 P</subfield></datafield><datafield ind1="1" ind2=" " tag="700"><subfield code="a">Boon, Michael</subfield></datafield><datafield ind1=" " ind2=" " tag="852"><subfield code="a">28507</subfield><subfield code="c">519.4/5</subfield></datafield><datafield ind1=" " ind2=" " tag="CAT"><subfield code="a">Sys</subfield><subfield code="c">20130813</subfield><subfield code="h">115040</subfield></datafield></record></collection>